@article{Darby2006,
    author = {Darby, Sarah},
    citeulike-article-id = {2162878},
    journal = {A Review for DEFRA of the Literature on Metering, Billing and direct Displays, April},
    keywords = {consumption, energy, env, feedback, office, residence, survey},
    posted-at = {2008-12-11 11:01:39},
    priority = {0},
    title = {The effectiveness of Feedback on energy Consumption},
    year = {2006}
}

@inproceedings{Parker2006,
    author = {Parker, Danny and Hoak, David and Meier, Alan and Brown, Richard},
    year = {2006},
    title = {How Much Energy Are We Using? Potential of Residential Energy Demand Feedback Devices},
    booktitle = {ACEEE 2006 Summer Study on Energy Efficiency in Buildings}
}
