@article{Hart1992,
annote = {Auto training. 15W/Var resolution.
1s sampling rate.
Both real and reactive domain. 
Auto clustering algorithm. 
        
Too old to implement},
author = {Hart, G.W.},
doi = {10.1109/5.192069},
file = {:Users/tianji/Documents/Mendeley Desktop/Hart - 1992 - Nonintrusive appliance load monitoring.pdf:pdf},
issn = {00189219},
journal = {Proceedings of the IEEE},
number = {12},
pages = {1870--1891},
title = {{Nonintrusive appliance load monitoring}},
url = {http://ieeexplore.ieee.org/lpdocs/epic03/wrapper.htm?arnumber=192069},
volume = {80},
year = {1992}
}
@article{Leeb1995,
annote = {Transient power. },
author = {Leeb, S.B. and Shaw, S.R. and Kirtley, J.L.},
doi = {10.1109/61.400897},
file = {:Users/tianji/Documents/Mendeley Desktop/Leeb, Shaw, Kirtley - 1995 - Transient event detection in spectral envelope estimates for nonintrusive load monitoring.pdf:pdf},
issn = {08858977},
journal = {IEEE Transactions on Power Delivery},
month = jul,
number = {3},
pages = {1200--1210},
title = {{Transient event detection in spectral envelope estimates for nonintrusive load monitoring}},
url = {http://ieeexplore.ieee.org/lpdocs/epic03/wrapper.htm?arnumber=400897},
volume = {10},
year = {1995}
}
@article{Norford1996,
author = {Norford, Leslie K. and Leeb, Steven B.},
doi = {10.1016/0378-7788(95)00958-2},
file = {:Users/tianji/Documents/Mendeley Desktop/Norford, Leeb - 1996 - Non-intrusive electrical load monitoring in commercial buildings based on steady-state and transient load-detection algorithms.pdf:pdf},
issn = {03787788},
journal = {Energy and Buildings},
month = jan,
number = {1},
pages = {51--64},
title = {{Non-intrusive electrical load monitoring in commercial buildings based on steady-state and transient load-detection algorithms}},
url = {http://linkinghub.elsevier.com/retrieve/pii/0378778895009582},
volume = {24},
year = {1996}
}
@inproceedings{Cole1998,
author = {Cole, A.I. and Albicki, Alexander},
booktitle = {ISCAS '98. Proceedings of the 1998 IEEE International Symposium on Circuits and Systems (Cat. No.98CH36187)},
doi = {10.1109/ISCAS.1998.704019},
file = {:Users/tianji/Documents/Mendeley Desktop/Cole, Albicki - 1998 - Algorithm for nonintrusive identification of residential appliances.pdf:pdf},
isbn = {0-7803-4455-3},
pages = {338--341},
publisher = {IEEE},
title = {{Algorithm for nonintrusive identification of residential appliances}},
url = {http://ieeexplore.ieee.org/lpdocs/epic03/wrapper.htm?arnumber=704019},
volume = {3},
year = {1998}
}
@article{Marceau2000,
annote = {200W resolution. Manually training phase. 
16s sampling rate. 
Offline training and testing. 
      },
author = {Marceau, M.L. and Zmeureanu, R.},
doi = {10.1016/S0196-8904(99)00173-9},
file = {:Users/tianji/Documents/Mendeley Desktop/Marceau, Zmeureanu - 2000 - Nonintrusive load disaggregation computer program to estimate the energy consumption of major end uses in residential buildings.pdf:pdf},
issn = {01968904},
journal = {Energy Conversion and Management},
keywords = {computer program,energy,equipment,field,monitoring,residential buildings},
month = sep,
number = {13},
pages = {1389--1403},
title = {{Nonintrusive load disaggregation computer program to estimate the energy consumption of major end uses in residential buildings}},
url = {http://linkinghub.elsevier.com/retrieve/pii/S0196890499001739},
volume = {41},
year = {2000}
}
@article{Laughman2003,
annote = {3rd, 5rd or 7rd harmonic
commerial building
      },
author = {Laughman, Christopher and Cox, Robert and Shaw, Steven and Leeb, Steven and Norford, Les and Armstrong, Peter},
doi = {10.1109/MPAE.2003.1192027},
file = {:Users/tianji/Documents/Mendeley Desktop/Laughman et al. - 2003 - Power signature analysis.pdf:pdf},
issn = {1540-7977},
journal = {IEEE Power and Energy Magazine},
month = mar,
number = {2},
pages = {56--63},
title = {{Power signature analysis}},
url = {http://ieeexplore.ieee.org/lpdocs/epic03/wrapper.htm?arnumber=1192027},
volume = {1},
year = {2003}
}
@inproceedings{Baranski2004,
author = {Baranski, Michael and Voss, J\"{u}rgen},
booktitle = {Fourth IEEE International Conference on Data Mining (ICDM'04)},
doi = {10.1109/ICDM.2004.10003},
file = {:Users/tianji/Documents/Mendeley Desktop/Baranski, Voss - 2004 - Detecting Patterns of Appliances from Total Load Data Using a Dynamic Programming Approach.pdf:pdf},
isbn = {0-7695-2142-8},
pages = {327--330},
publisher = {IEEE},
title = {{Detecting Patterns of Appliances from Total Load Data Using a Dynamic Programming Approach}},
url = {http://ieeexplore.ieee.org/lpdocs/epic03/wrapper.htm?arnumber=1410302},
year = {2004}
}
@inproceedings{Baranski2004a,
author = {Baranski, Michael and Voss, J\"{u}rgen},
booktitle = {2004 IEEE International Conference on Systems, Man and Cybernetics (IEEE Cat. No.04CH37583)},
doi = {10.1109/ICSMC.2004.1400878},
file = {:Users/tianji/Documents/Mendeley Desktop/Baranski, Voss - 2004 - Genetic algorithm for pattern detection in NIALM systems.pdf:pdf},
isbn = {0-7803-8567-5},
keywords = {clustering,dynamic pro-,genetic algorithm,gramming,pattem detection},
number = {2},
pages = {3462--3468},
publisher = {IEEE},
title = {{Genetic algorithm for pattern detection in NIALM systems}},
url = {http://ieeexplore.ieee.org/lpdocs/epic03/wrapper.htm?arnumber=1400878},
year = {2004}
}
@article{Lucente2005,
author = {Lucente, Mark and Fung, George S.K. and Lee, W.K. and Hui, S.Y.R. and Ting, K.H.},
file = {:Users/tianji/Documents/Mendeley Desktop/Lucente et al. - 2005 - A Taxonomy of Load Signatures for Single-Phase Electric Appliances.pdf:pdf},
journal = {System},
number = {July 2004},
pages = {24 -- 29},
title = {{A Taxonomy of Load Signatures for Single-Phase Electric Appliances}},
volume = {1},
year = {2005}
}
@article{Lee2005,
author = {Lee, K.D. and Leeb, S.B. and Norford, L.K. and Armstrong, P.R. and Holloway, J. and Shaw, S.R.},
doi = {10.1109/TEC.2005.852963},
file = {:Users/tianji/Documents/Mendeley Desktop/Lee et al. - 2005 - Estimation of Variable-Speed-Drive Power Consumption From Harmonic Content.pdf:pdf},
issn = {0885-8969},
journal = {IEEE Transactions on Energy Conversion},
month = sep,
number = {3},
pages = {566--574},
title = {{Estimation of Variable-Speed-Drive Power Consumption From Harmonic Content}},
url = {http://ieeexplore.ieee.org/lpdocs/epic03/wrapper.htm?arnumber=1495528},
volume = {20},
year = {2005}
}
@inproceedings{Cox2006,
annote = {NILM},
author = {Cox, Robert and Leeb, Steven B. and Shaw, Steven R. and Norford, Leslie K.},
booktitle = {Twenty-First Annual IEEE Applied Power Electronics Conference and Exposition, 2006. APEC '06.},
doi = {10.1109/APEC.2006.1620777},
file = {:Users/tianji/Documents/Mendeley Desktop/Cox et al. - 2006 - Transient Event Detection for Nonintrusive Load Monitoring and Demand-Side Management Using Voltage Distortion.pdf:pdf},
isbn = {0-7803-9547-6},
pages = {1751--1757},
publisher = {Ieee},
title = {{Transient Event Detection for Nonintrusive Load Monitoring and Demand-Side Management Using Voltage Distortion}},
url = {http://ieeexplore.ieee.org/lpdocs/epic03/wrapper.htm?arnumber=1620777},
year = {2006}
}
@inproceedings{Matthews2008,
author = {Matthews, H. Scott and Soibelman, Lucio and Berges, Mario and Goldman, Ethan},
booktitle = {Intelligent Computing in Engineering},
file = {:Users/tianji/Documents/Mendeley Desktop/Matthews et al. - 2008 - Automatically disaggregating the total electrical load in residential buildings A profile of the required solution.pdf:pdf},
pages = {381--389},
title = {{Automatically disaggregating the total electrical load in residential buildings: A profile of the required solution}},
url = {http://sensor.andrew.cmu.edu:9000/export/314/www/html/pubs/data/P014V03.pdf},
year = {2008}
}
@inproceedings{Najmeddine2008,
author = {Najmeddine, Hala and {El Khamlichi Drissi}, Khalil and Pasquier, Christophe and Faure, Claire and Kerroum, Kamal and Diop, Alioune and Jouannet, Thierry and Michou, Michel},
booktitle = {2008 IEEE 2nd International Power and Energy Conference},
doi = {10.1109/PECON.2008.4762669},
file = {:Users/tianji/Documents/Mendeley Desktop/Najmeddine et al. - 2008 - State of art on load monitoring methods.pdf:pdf},
isbn = {978-1-4244-2404-7},
keywords = {4,active power,appliance identification,been,intrusive,less intrusive methods have,load monitoring,non-,of appliances,several other more or,since,using the power signatures,\"{u} sustainable development},
month = dec,
number = {PECon 08},
pages = {1256--1258},
publisher = {IEEE},
title = {{State of art on load monitoring methods}},
url = {http://ieeexplore.ieee.org/lpdocs/epic03/wrapper.htm?arnumber=4762669},
year = {2008}
}
@inproceedings{Kim2009,
address = {New York, New York, USA},
annote = {Review!},
author = {Kim, Younghun and Schmid, Thomas and Srivastava, Mani B. and Wang, Yan},
booktitle = {Proceedings of the First ACM Workshop on Embedded Sensing Systems for Energy-Efficiency in Buildings - BuildSys '09},
doi = {10.1145/1810279.1810281},
file = {:Users/tianji/Documents/Mendeley Desktop/Kim et al. - 2009 - Challenges in resource monitoring for residential spaces.pdf:pdf},
isbn = {9781605588247},
keywords = {energy efficient homes,resource monitoring,sustain-},
pages = {1},
publisher = {ACM Press},
title = {{Challenges in resource monitoring for residential spaces}},
url = {http://portal.acm.org/citation.cfm?doid=1810279.1810281},
year = {2009}
}
@inproceedings{Kim2009a,
address = {New York, New York, USA},
author = {Kim, Younghun and Schmid, Thomas and Charbiwala, Zainul M and Srivastava, Mani B.},
booktitle = {Proceedings of the 11th international conference on Ubiquitous computing - Ubicomp '09},
doi = {10.1145/1620545.1620582},
file = {:Users/tianji/Documents/Mendeley Desktop/Kim et al. - 2009 - ViridiScope.pdf:pdf},
isbn = {9781605584317},
pages = {245},
publisher = {ACM Press},
title = {{ViridiScope}},
url = {http://portal.acm.org/citation.cfm?doid=1620545.1620582},
year = {2009}
}
@article{Berges2010,
abstract = {... Available Residential Electricity Meters by Type. Meter type, Meter brand/model, Meter price. Note: Prices are in US dollars. a Assuming 12 appliances are being monitored. Whole-house, 1. The Energy Detective TED (Energy Inc. 2009), \$200. 2. Power Cost Monitor (Blue Line ...},
annote = {not focus on improving NILM accuracy. Use simple algorithms. need training per appliances.},
author = {Berges, Mario E and Goldman, Ethan and Matthews, H Scott and Soibelman, Lucio},
doi = {10.1111/j.1530-9290.2010.00280.x},
file = {:Users/tianji/Documents/Mendeley Desktop/Berges et al. - 2010 - Enhancing Electricity Audits in Residential Buildings with Nonintrusive Load Monitoring.pdf:pdf},
issn = {10881980},
journal = {Journal of Industrial Ecology},
number = {5},
pages = {844--858},
publisher = {Wiley Online Library},
title = {{Enhancing Electricity Audits in Residential Buildings with Nonintrusive Load Monitoring}},
url = {http://doi.wiley.com/10.1111/j.1530-9290.2010.00280.x},
volume = {14},
year = {2010}
}
@inproceedings{Du2010,
author = {Du, Yi and Du, Liang and Lu, Bin and Harley, Ronald and Habetler, Thomas},
booktitle = {2010 IEEE Energy Conversion Congress and Exposition},
doi = {10.1109/ECCE.2010.5618423},
file = {:Users/tianji/Documents/Mendeley Desktop/Du et al. - 2010 - A review of identification and monitoring methods for electric loads in commercial and residential buildings.pdf:pdf},
isbn = {978-1-4244-5286-6},
month = sep,
pages = {4527--4533},
publisher = {IEEE},
title = {{A review of identification and monitoring methods for electric loads in commercial and residential buildings}},
url = {http://ieeexplore.ieee.org/xpls/abs\_all.jsp?arnumber=5618423 http://ieeexplore.ieee.org/lpdocs/epic03/wrapper.htm?arnumber=5618423},
year = {2010}
}
@inproceedings{Jung2010,
address = {New York, New York, USA},
author = {Jung, Deokwoo and Savvides, Andreas},
booktitle = {Proceedings of the 8th ACM Conference on Embedded Networked Sensor Systems - SenSys '10},
doi = {10.1145/1869983.1870006},
file = {:Users/tianji/Documents/Mendeley Desktop/Jung, Savvides - 2010 - Estimating building consumption breakdowns using ONOFF state sensing and incremental sub-meter deployment.pdf:pdf},
isbn = {9781450303446},
pages = {225},
publisher = {ACM Press},
title = {{Estimating building consumption breakdowns using ON/OFF state sensing and incremental sub-meter deployment}},
url = {http://portal.acm.org/citation.cfm?doid=1869983.1870006},
year = {2010}
}
@inproceedings{Chang2010,
annote = {Neural network. tested only 3 appliacnes. 
identify "events"},
author = {Chang, Hsueh-Hsien and Lin, Ching-Lung and Lee, Jin-Kwei},
booktitle = {The 2010 14th International Conference on Computer Supported Cooperative Work in Design},
doi = {10.1109/CSCWD.2010.5472008},
file = {:Users/tianji/Documents/Mendeley Desktop/Chang, Lin, Lee - 2010 - Load identification in nonintrusive load monitoring using steady-state and turn-on transient energy algorithms.pdf:pdf},
isbn = {978-1-4244-6763-1},
keywords = {- load monitoring,artificial,cscw,neural networks,pattern recognition},
month = apr,
pages = {27--32},
publisher = {IEEE},
title = {{Load identification in nonintrusive load monitoring using steady-state and turn-on transient energy algorithms}},
url = {http://ieeexplore.ieee.org/xpls/abs\_all.jsp?arnumber=5472008 http://ieeexplore.ieee.org/lpdocs/epic03/wrapper.htm?arnumber=5472008},
year = {2010}
}
@inproceedings{Kim2010,
author = {Kim, Hyungsul and Marwah, Manish and Arlitt, Martin and Lyon, Geoff and Han, Jiawei},
booktitle = {Eleventh SIAM International Conference on Data Mining},
file = {:Users/tianji/Documents/Mendeley Desktop/Kim et al. - 2011 - Unsupervised disaggregation of low frequency power measurements.pdf:pdf},
number = {i},
pages = {747--758},
publisher = {SIAM / Omnipress},
title = {{Unsupervised disaggregation of low frequency power measurements}},
url = {http://www.cs.uiuc.edu/~hanj/pdf/sdm11\_hkim.pdf http://www.cs.uiuc.edu/homes/hanj/pdf/sdm11\_hkim.pdf},
year = {2011}
}
@article{Marchiori2011,
annote = {need training for all devices, probability model. 
not applicable
      },
author = {Marchiori, Alan and Hakkarinen, Douglas and Han, Qi and Earle, Lieko},
doi = {10.1109/MPRV.2010.72},
file = {:Users/tianji/Documents/Mendeley Desktop/Marchiori et al. - 2011 - Circuit-Level Load Monitoring for Household Energy Management.pdf:pdf},
issn = {1536-1268},
journal = {IEEE Pervasive Computing},
month = jan,
number = {1},
pages = {40--48},
title = {{Circuit-Level Load Monitoring for Household Energy Management}},
url = {http://ieeexplore.ieee.org/lpdocs/epic03/wrapper.htm?arnumber=5582070},
volume = {10},
year = {2011}
}
@article{Zeifman2011,
author = {Zeifman, Michael and Roth, Kurt},
doi = {10.1109/TCE.2011.5735484},
file = {:Users/tianji/Documents/Mendeley Desktop/Zeifman, Roth - 2011 - Nonintrusive appliance load monitoring Review and outlook.pdf:pdf},
issn = {0098-3063},
journal = {IEEE Transactions on Consumer Electronics},
month = feb,
number = {1},
pages = {76--84},
title = {{Nonintrusive appliance load monitoring: Review and outlook}},
url = {http://ieeexplore.ieee.org/lpdocs/epic03/wrapper.htm?arnumber=5735484},
volume = {57},
year = {2011}
}
@inproceedings{Kolter2012,
annote = {HMM},
author = {Kolter, J Zico and Jaakkola, Tommi},
booktitle = {Proceedings of the International Conference on Artificial Intelligence and Statistics},
file = {:Users/tianji/Documents/Mendeley Desktop/Kolter, Jaakkola - 2012 - Approximate Inference in Additive Factorial HMMs with Application to Energy Disaggregation.pdf:pdf},
title = {{Approximate Inference in Additive Factorial HMMs with Application to Energy Disaggregation}},
volume = {XX},
year = {2012}
}
@article{,
annote = {Detect on-off state only.},
file = {:Users/tianji/Documents/Mendeley Desktop/Unknown - Unknown - Reliable State Transition Detection in Off-the-Shelf Low Frequency Electric Meters.pdf:pdf},
journal = {Power},
title = {{Reliable State Transition Detection in Off-the-Shelf Low Frequency Electric Meters}}
}
